@article{perreira1993performance,
	title={Performance analysis of capacity control devices for heat pump reciprocating compressors},
	author={Perreira, E Pereira and Parise, JAR},
	journal={Heat recovery systems and CHP},
	volume={13},
	number={5},
	pages={451--461},
	year={1993},
	publisher={Elsevier}
}

@article{antonio1997,
	title={Instrumentación industrial},
	author={Creus, Antonio},
	journal={Alfaomera grupo editor, México},
	year={1997}
}