@book{ogata2003ingenieria,
	title={Ingeniería de control moderna},
	author={Ogata, Katsuhiko},
	year={2003},
	publisher={Pearson Educación},
	pagestotal={904},
	location={Madrid, España},
	edition={5},
}

@book{creus2010instrumentacion,
	title={Instrumentación Industrial},
	author={Creus, Antonio},
	publisher={Alfaomega},
	year={2010},
	pagestotal={792},
	location={Barcelona, España},
	edition={8},
}

@book{kuo1996sistemas,
	title={Sistemas de control automático},
	author={Kuo, Benjamin C},
	publisher={Prentice Hall Hispanoamericana},
	year={1996},
	location={México},
	edition={7}
}
